% Encoding: UTF-8

@Article{高景德1987,
  author  = {高景德 and 王祥珩},
  title   = {交流电机的多回路理论},
  journal = {清华大学学报},
  year    = {1987},
  volume  = {27},
  issue   = {1},
  pages   = {1-8},
}

@Article{Chen1990,
  author  = {Chen, S. and Billing, S. A. and Cowan, C. F. and Li, X.},
  title   = {Practical identification of MARMAX models},
  journal = {Int J Control},
  year    = {1990},
  volume  = {52},
  issue   = {6},
  pages   = {1327-1350},
}

@Book{竺可桢1973,
  author    = {竺可桢},
  title     = {物理学},
  year      = {1973},
  publisher = {科学出版社},
  pages     = {1-3},
  address   = {北京},
}

@Book{霍夫斯基1981,
  author     = {霍夫斯基},
  title      = {禽病学},
  year       = {1981},
  translator = {胡祥壁等},
  edition    = {7},
  publisher  = {农业出版社},
  pages      = {7-9},
  address    = {北京},
}

@Book{Aho1986,
  author    = {Aho, A. V. and Sethi, R. and Ulhman, J. D.},
  title     = {Compilers Principles},
  year      = {1986},
  publisher = {Addisom Wedley},
  pages     = {277-3083},
  address   = {New York},
}

@InProceedings{张全福1991,
  author    = {张全福 and 王里青},
  title     = {“百家争鸣”与理工科学报编辑工作},
  booktitle = {学报编论丛: 第二集},
  year      = {1991},
  editor    = {郑福寿},
  publisher = {河海大学出版社},
  pages     = {1-4},
  address   = {南京},
}

@InProceedings{Dupont1974,
  author    = {Dupont, B.},
  title     = {Bone marrow transplantation in severe combined immunodeficiency},
  booktitle = {Proc. of the 3rd Annual Meeting of Im Soc for Experimental Hematology(ISEH)},
  year      = {1974},
  editor    = {White, H. J. and Smith, R.},
  publisher = {ISEH},
  pages     = {44-464},
  address   = {Houstom},
}

@PhdThesis{张竹生1983,
  author      = {张竹生},
  title       = {微分半动力系统的不变集},
  institution = {北京大学数学系},
  year        = {1983},
  address     = {北京},
}

@MastersThesis{余勇1998,
  author      = {余勇},
  title       = {劲性混凝土柱抗震性能的试验研究},
  institution = {东南大学土木工程学院},
  year        = {1998},
  address     = {南京},
}

@Comment{jabref-meta: databaseType:biblatex;}
